@article{Tishchenko:09,
    author = {A. V. Tishchenko},
    journal = {Opt. Express},
    keywords = {Diffraction and gratings; Scattering; Diffraction efficiency; Diffraction gratings; Diffraction theory; Diffractive optical elements; In field scattering; Waveguide gratings},
    number = {19},
    pages = {17102--17117},
    publisher = {Optica Publishing Group},
    title = {Numerical demonstration of the validity of the Rayleigh hypothesis},
    volume = {17},
    month = {09},
    year = {2009},
    url = {https://opg.optica.org/oe/abstract.cfm?URI=oe-17-19-17102},
    doi = {10.1364/OE.17.017102}
}

@book{Griffiths,
    place = {Cambridge},
    title = {Introduction to Electrodynamics},
    publisher = {Cambridge University Press},
    author = {D. J. Griffiths},
    year = {2017}
}

@article{Watanabe,
  title = "Range of validity of the Rayleigh hypothesis",
  author = "T. Watanabe, Y. Choyal, K. Minami and V. L. Granatstein",
  journal = "Phys. Rev. E",
  volume = "69",
  issue = "5",
  pages = "056606",
  numpages = "5",
  year = "2004",
  month = "05",
  publisher = "American Physical Society",
  doi = "10.1103/PhysRevE.69.056606",
  url = "https://link.aps.org/doi/10.1103/PhysRevE.69.056606"
}


@Inbook{Voronovich,
    author="A. G. Voronovich",
    editor="A. A. Maradudin",
    title="Rayleigh Hypothesis",
    bookTitle="Light Scattering and Nanoscale Surface Roughness",
    year="2007",
    publisher="Springer US",
    address="Boston, MA",
    pages="93--105",
    isbn="978-0-387-35659-4",
    doi="10.1007/978-0-387-35659-4_4",
    url="https://doi.org/10.1007/978-0-387-35659-4_4"
}

@article{Simonsen2010,
    author = {I. Simonsen},
    year = {2010},
    month = {06},
    pages = {1-103},
    title = {Optics of surface disordered systems. A random walk through rough surface scattering phenomena},
    volume = {181},
    journal = {European Physical Journal Special Topics},
    doi = {10.1140/epjst/e2010-01221-4}
}

@article{Rayleigh1907,
 ISSN = {09501207},
 URL = {http://www.jstor.org/stable/92655},
 author = {Lord Rayleigh},
 journal = {Proceedings of the Royal Society of London. Series A, Containing Papers of a Mathematical and Physical Character},
 number = {532},
 pages = {399--416},
 publisher = {The Royal Society},
 title = {On the Dynamical Theory of Gratings},
 urldate = {2023-10-19},
 volume = {79},
 year = {1907}
}

@article{BROWN1984,
title = {Vector theory of light scattering from a rough surface: Unitary and reciprocal expansions},
journal = {Surface Science},
volume = {136},
number = {2},
pages = {381-397},
year = {1984},
issn = {0039-6028},
doi = {https://doi.org/10.1016/0039-6028(84)90619-8},
url = {https://www.sciencedirect.com/science/article/pii/0039602884906198},
author = {G.C. Brown, V. Celli, M. Haller and A. Marvin}
}

@article{D.L.Mills_1974,
doi = {10.1088/0034-4885/37/7/001},
url = {https://dx.doi.org/10.1088/0034-4885/37/7/001},
year = {1974},
month = {07},
publisher = {},
volume = {37},
number = {7},
pages = {817},
author = {D.L. Mills and  E. Burstein},
title = {Polaritons: the electromagnetic modes of media},
journal = {Reports on Progress in Physics},
}

@incollection{HOOPER201437,
title = {Chapter 2 - The Basics of Plasmonics},
editor = {N.V. Richardson and S. Holloway},
series = {Handbook of Surface Science},
publisher = {North-Holland},
volume = {4},
pages = {37-74},
year = {2014},
booktitle = {Modern Plasmonics},
issn = {1573-4331},
doi = {https://doi.org/10.1016/B978-0-444-59526-3.00002-1},
url = {https://www.sciencedirect.com/science/article/pii/B9780444595263000021},
author = {I. R. Hooper and W. L. Barnes},
keywords = {Surface plasmon-polariton, Plasmonics, Surface plasmon coupling, Localized modes},
}


@article{FREILIKHER1997,
title = {Coherent scattering enhancement in systems bounded by rough surfaces},
author = {V. Freilikher, E. Kanzieper and A.A. Maradudin},
journal = {Physics Reports},
volume = {288},
number = {1},
pages = {127-204},
year = {1997},
note = {I.M. Lifshitz and Condensed Matter Theory},
issn = {0370-1573},
doi = {https://doi.org/10.1016/S0370-1573(97)00024-0},
}

@article{Pines1961,
        author = {P., David},
	title = {Collective energy losses in solids},
	year = {1956},
	journal = {Reviews of Modern Physics},
	volume = {28},
	number = {3},
	pages = {184 – 198},
	doi = {10.1103/RevModPhys.28.184},
	url = {https://www.scopus.com/inward/record.uri?eid=2-s2.0-36149015773&doi=10.1103%2fRevModPhys.28.184&partnerID=40&md5=841aeea4c1754357f7c284dd9ca6918b},
	type = {Article},
	publication_stage = {Final},
	source = {Scopus},
	note = {Cited by: 332}
}

@article{Maradudinredray,
        title = {Scattering of electromagnetic waves from a bounded medium with a random surface},
        author = {J. A. S\'anchez-Gil and A. A. Maradudin and Jun Q. Lu and  V. D. Freilikher and M. Pustilnik and I. Yurkevich},
        journal = {Phys. Rev. B},
        volume = {50},
        issue = {20},
        pages = {15353--15368},
        numpages = {0},
        year = {1994},
        month = {11},
        publisher = {American Physical Society},
        doi = {10.1103/PhysRevB.50.15353},
        url = {https://link.aps.org/doi/10.1103/PhysRevB.50.15353}
}

@article{MARADUDIN1990,
title = {Enhanced backscattering of light from a random grating},
journal = {Annals of Physics},
volume = {203},
number = {2},
pages = {255-307},
year = {1990},
issn = {0003-4916},
doi = {https://doi.org/10.1016/0003-4916(90)90172-K},
url = {https://www.sciencedirect.com/science/article/pii/000349169090172K},
author = {A.A Maradudin and T Michel and A.R McGurn and E.R Méndez},
}
@article{MaradudinSanchez1995,
  title = {Transmission of electromagnetic waves through thin metal films with randomly rough surfaces},
  author = {J. A. S\'anchez-Gil and A. A. Maradudin and J. Q. Lu, and V. D Freilikher},
  journal = {Phys. Rev. B},
  volume = {51},
  issue = {23},
  pages = {17100--17115},
  numpages = {0},
  year = {1995},
  month = {Jun},
  publisher = {American Physical Society},
  doi = {10.1103/PhysRevB.51.17100},
  url = {https://link.aps.org/doi/10.1103/PhysRevB.51.17100}
}
